@book{frigerio,
  title={Bounded cohomology of discrete groups},
  author={Frigerio, Roberto},
  volume={227},
  year={2017},
  publisher={American Mathematical Soc.}
}

@inproceedings{amontova,
  title={Trivial cup products in bounded cohomology of the free group via aligned chains},
  author={Amontova, Sofia and Bucher, Michelle},
  booktitle={Forum Mathematicum},
  volume={34},
  number={4},
  pages={933--943},
  year={2022},
  organization={De Gruyter}
}

@article{fournier,
  title={Infinite sums of Brooks quasimorphisms and cup products in bounded cohomology},
  author={Fournier-Facio, Francesco},
  journal={arXiv preprint arXiv:2002.10323},
  year={2020}
}


